<record><leader>00000cas a2200000 a 4500</leader><controlfield tag="001">608781764</controlfield><controlfield tag="006">m     o  d        </controlfield><controlfield tag="007">cr |||||||||||</controlfield><controlfield tag="008">100423d18611861gaudn nso     0    0eng c</controlfield><datafield ind1=" " ind2=" " tag="010"><subfield code="a">  2010233010</subfield></datafield><datafield ind1=" " ind2=" " tag="040"><subfield code="a">GUA</subfield><subfield code="b">eng</subfield><subfield code="c">GUA</subfield><subfield code="d">GUA</subfield><subfield code="d">OCLCQ</subfield><subfield code="d">OCLCF</subfield></datafield><datafield ind1=" " ind2=" " tag="042"><subfield code="a">pcc</subfield></datafield><datafield ind1=" " ind2=" " tag="043"><subfield code="a">n-us-ga</subfield></datafield><datafield ind1="1" ind2="4" tag="050"><subfield code="a">AN13.A82</subfield></datafield><datafield ind1="0" ind2="0" tag="245"><subfield code="a">Gate-city guardian</subfield><subfield code="h">[electronic resource].</subfield></datafield><datafield ind1=" " ind2=" " tag="260"><subfield code="a">Atlanta, Ga. :</subfield><subfield code="b">Hanleiter &amp; Adair,</subfield><subfield code="c">1861.</subfield></datafield><datafield ind1=" " ind2=" " tag="310"><subfield code="a">Daily (except Sunday)</subfield></datafield><datafield ind1="1" ind2=" " tag="362"><subfield code="a">Began with: New ser., v. 1, no. 1 (Feb. 12, 1861); ceased with: New ser., v. 1, no. 16 (Mar. 2, 1861).</subfield></datafield><datafield ind1=" " ind2=" " tag="530"><subfield code="a">Also issued in print and on microfilm: Athens, Ga. : University of Georgia Libraries.</subfield></datafield><datafield ind1=" " ind2=" " tag="588"><subfield code="a">Final issue consulted, viewed Apr. 22, 2010.</subfield></datafield><datafield ind1=" " ind2=" " tag="588"><subfield code="a">Description based on: New ser., v. 1, no. 1 (Feb. 12, 1861); title from pdf image of caption (Georgia Historical Newspapers, viewed Apr. 22, 2010).</subfield></datafield><datafield ind1=" " ind2="0" tag="651"><subfield code="a">Atlanta (Ga.)</subfield><subfield code="v">Newspapers.</subfield></datafield><datafield ind1=" " ind2="0" tag="651"><subfield code="a">Fulton County (Ga.)</subfield><subfield code="v">Newspapers.</subfield></datafield><datafield ind1=" " ind2="7" tag="655"><subfield code="a">Newspapers.</subfield><subfield code="2">fast</subfield><subfield code="0">(OCoLC)fst01423814</subfield></datafield><datafield ind1=" " ind2="7" tag="651"><subfield code="a">Georgia</subfield><subfield code="z">Atlanta.</subfield><subfield code="2">fast</subfield><subfield code="0">(OCoLC)fst01204627</subfield></datafield><datafield ind1=" " ind2="7" tag="651"><subfield code="a">Georgia</subfield><subfield code="z">Fulton County.</subfield><subfield code="2">fast</subfield><subfield code="0">(OCoLC)fst01211153</subfield></datafield><datafield ind1=" " ind2=" " tag="752"><subfield code="a">United States</subfield><subfield code="b">Georgia</subfield><subfield code="c">Fulton</subfield><subfield code="d">Atlanta.</subfield></datafield><datafield ind1="0" ind2=" " tag="775"><subfield code="t">Southern confederacy (Atlanta, Ga. : 1859 : Weekly)</subfield></datafield><datafield ind1="1" ind2=" " tag="776"><subfield code="t">Gate-city guardian</subfield><subfield code="w">(DLC)sn 82015427</subfield><subfield code="w">(OCoLC)8807971</subfield></datafield><datafield ind1="0" ind2="0" tag="780"><subfield code="t">National American (Atlanta, Ga. : Online)</subfield></datafield><datafield ind1="0" ind2="5" tag="780"><subfield code="t">Southern confederacy (Atlanta, Ga. : 1859 : Daily : Online)</subfield></datafield><datafield ind1="0" ind2="0" tag="785"><subfield code="t">Southern confederacy (Atlanta, Ga. : 1861 : Daily : Online)</subfield><subfield code="w">(DLC)  2010233012</subfield></datafield><datafield ind1="4" ind2="0" tag="856"><subfield code="u">http://atlnewspapers.galileo.usg.edu/atlnewspapers/search?sort=year&amp;title=Guardian&amp;source.page=1</subfield></datafield></record>